@Article{Steele04,
	Author = "Guy L. Steele Jr. and Jon L. White",
	Journal = "ACM SIGPLAN Notices",
	Month = "April",
	Number = "4",
	Pages = "372--389",
	Title = "How to Print Floating-Point Numbers Accurately",
	Note = {\url{http://portal.acm.org/citation.cfm?id=93559}},
	Volume = "39",
	Year = "2004",
}

@Inproceedings{Burger96,
	Author = "Robert G. Burger and R. Kent Dybvig",
	Booktitle = "Proc. ACM SIGPLAN '96 Conf. Prog. Lang. Design and Implementation",
	Month = "June",
	Organization = {ACM (Philadelphia, PA)},
	Pages = "108-116",
	Title = "Printing Floating-Point Numbers Quickly and Accurately",
	Year = "1996",
	Note = {\url{http://www.cs.indiana.edu/~burger/FP-Printing-PLDI96.pdf}},
}

@Techreport{Gay90,
	Address = "Murray Hill, NJ",
	Author = "David M. Gay",
	Institution = "AT\&T Bell Laboratories",
	Month = "Nov",
	Number = "90-10",
	Title = "Correctly Rounded Binary-Decimal and Decimal-Binary Conversions",
	Type = "Numerical Analysis Manuscript",
	Note = {\url{http://cm.bell-labs.com/cm/cs/doc/90/4-10.ps.gz}},
	Year = "1990",
}

@Misc{DayInWeek,
	Title = "Calculating the day of the week",
	Howpublished = {\url{http://en.wikipedia.org}},
	Note = {Wikipedia entry wiki/Calculating\_the\_day\_of\_the\_week}
}

@Manual{aunit11,
	Title = "AUnit",
	Organization = "AdaCore",
	Month = "Jun",
	Note = "GNAT GPL 2009 release, {\url{http://libre.adacore.com}}",
}
